<record><leader>00000cas a22000007a 4500</leader><controlfield tag="001">11714934</controlfield><controlfield tag="008">850220d18931907paudr ne      0    0eng d</controlfield><datafield ind1=" " ind2=" " tag="010"><subfield code="a">sn 85054420 </subfield></datafield><datafield ind1=" " ind2=" " tag="040"><subfield code="a">NYG</subfield><subfield code="b">eng</subfield><subfield code="c">NYG</subfield><subfield code="d">NPH</subfield><subfield code="d">GUA</subfield><subfield code="d">OCLCQ</subfield><subfield code="d">CUS</subfield></datafield><datafield ind1=" " ind2=" " tag="042"><subfield code="a">msc</subfield></datafield><datafield ind1="1" ind2="4" tag="050"><subfield code="a">AN</subfield></datafield><datafield ind1="0" ind2="0" tag="245"><subfield code="a">Wilkes-Barre times.</subfield></datafield><datafield ind1="1" ind2="3" tag="246"><subfield code="a">Daily times</subfield></datafield><datafield ind1=" " ind2=" " tag="260"><subfield code="a">Wilkes-Barre, Pa. :</subfield><subfield code="b">C.B. Snyder,</subfield><subfield code="c">1893-1907.</subfield></datafield><datafield ind1=" " ind2=" " tag="300"><subfield code="a">14 v. :</subfield><subfield code="b">ill. ;</subfield><subfield code="c">54 cm.</subfield></datafield><datafield ind1=" " ind2=" " tag="310"><subfield code="a">Daily,</subfield><subfield code="b">&lt;July 1, 1902-Dec. 30, 1902&gt;</subfield></datafield><datafield ind1=" " ind2=" " tag="321"><subfield code="a">Daily (except Sun.),</subfield><subfield code="b">&lt;Apr. 1, 1893-Dec. 31, 1895&gt;</subfield></datafield><datafield ind1="0" ind2=" " tag="362"><subfield code="a">Mar. 22, 1893-Nov. 30, 1907.</subfield></datafield><datafield ind1=" " ind2=" " tag="515"><subfield code="a">Issues for Mar. 22, 1893- called also 4th yr., no. 992-</subfield></datafield><datafield ind1=" " ind2=" " tag="530"><subfield code="a">Also issued on microfilm from Micro Photo Div. of Bell and Howell.</subfield></datafield><datafield ind1=" " ind2=" " tag="752"><subfield code="a">United States</subfield><subfield code="b">Pennsylvania</subfield><subfield code="c">Luzerne</subfield><subfield code="d">Wilkes-Barre.</subfield></datafield><datafield ind1="0" ind2="0" tag="780"><subfield code="t">Daily times (Wilkes-Barre, Pa.)</subfield><subfield code="w">(DLC)sn 86083336</subfield></datafield><datafield ind1="0" ind2="7" tag="785"><subfield code="t">Wilkes-Barre leader</subfield><subfield code="w">(DLC)sn 86083415</subfield></datafield><datafield ind1="0" ind2="7" tag="785"><subfield code="t">Wilkes-Barre times leader (Wilkes Barre, Pa. : 1907)</subfield><subfield code="w">(DLC)sn 86083343</subfield></datafield><datafield ind1="4" ind2="1" tag="856"><subfield code="3">1893/03/22 to 1900/12/29.</subfield><subfield code="u">http://infoweb.newsbank.com/?db=EANX&amp;s_browseRef=decades/1156DA1CB4089650/all.xml</subfield></datafield></record>